
@inproceedings{nigam_compiler_2021,
	location = {Virtual {USA}},
	title = {A compiler infrastructure for accelerator generators},
	isbn = {978-1-4503-8317-2},
	url = {https://dl.acm.org/doi/10.1145/3445814.3446712},
	doi = {10.1145/3445814.3446712},
	eventtitle = {{ASPLOS} '21: 26th {ACM} International Conference on Architectural Support for Programming Languages and Operating Systems},
	pages = {804--817},
	booktitle = {Proceedings of the 26th {ACM} International Conference on Architectural Support for Programming Languages and Operating Systems},
	publisher = {{ACM}},
	author = {Nigam, Rachit and Thomas, Samuel and Li, Zhijing and Sampson, Adrian},
	urldate = {2024-05-11},
	date = {2021-04-19},
	langid = {english},
	file = {Submitted Version:/home/arjun/Zotero/storage/K466PTDF/Nigam et al. - 2021 - A compiler infrastructure for accelerator generato.pdf:application/pdf},
}

@inproceedings{stewart_ziria_2015,
	location = {Istanbul Turkey},
	title = {Ziria: A {DSL} for Wireless Systems Programming},
	isbn = {978-1-4503-2835-7},
	url = {https://dl.acm.org/doi/10.1145/2694344.2694368},
	doi = {10.1145/2694344.2694368},
	shorttitle = {Ziria},
	eventtitle = {{ASPLOS} '15: Architectural Support for Programming Languages and Operating Systems},
	pages = {415--428},
	booktitle = {Proceedings of the Twentieth International Conference on Architectural Support for Programming Languages and Operating Systems},
	publisher = {{ACM}},
	author = {Stewart, Gordon and Gowda, Mahanth and Mainland, Geoffrey and Radunovic, Bozidar and Vytiniotis, Dimitrios and Agullo, Cristina Luengo},
	urldate = {2024-05-11},
	date = {2015-03-14},
	langid = {english},
}

@report{blelloch_prefix_1990,
	title = {Prefix Sums and Their Applications},
	number = {{CMU}-{CS}-90-190},
	institution = {School of Computer Science, Carnegie Mellon University},
	author = {Blelloch, Guy E.},
	date = {1990-11},
}

@article{dunfield_complete_2013,
	title = {Complete and easy bidirectional typechecking for higher-rank polymorphism},
	url = {https://api.semanticscholar.org/CorpusID:7586176},
	journaltitle = {Proceedings of the 18th {ACM} {SIGPLAN} international conference on Functional programming},
	author = {Dunfield, Jana and Krishnaswami, Neelakantan R.},
	date = {2013},
}

@misc{mathworks_support_nodate,
	title = {Support {SPI} Communication},
	url = {https://www.mathworks.com/help/simulink/supportpkg/raspberrypi_ug/support-spi-communication.html},
	author = {Mathworks},
}
